@inproceedings{wei2017personalized,
  title={Personalized acoustic modeling by weakly supervised multi-task deep learning using acoustic tokens discovered from unlabeled data},
  author={Wei, Cheng-Kuan and Chung, Cheng-Tao and Lee, Hung-Yi and Lee, Lin-Shan},
  booktitle={Acoustics, Speech and Signal Processing (ICASSP), 2017 IEEE International Conference on},
  pages={5165--5169},
  year={2017},
  organization={IEEE}
}

@article{maas2015building,
  title={Building DNN Acoustic Models for Large Vocabulary Speech Recognition//preprint},
  author={Maas, AL and others},
  journal={arXiv preprint arXiv:1406.7806},
  year={2015}
}

@article{hinton2012deep,
  title={Deep neural networks for acoustic modeling in speech recognition: The shared views of four research groups},
  author={Hinton, Geoffrey and Deng, Li and Yu, Dong and Dahl, George E and Mohamed, Abdel-rahman and Jaitly, Navdeep and Senior, Andrew and Vanhoucke, Vincent and Nguyen, Patrick and Sainath, Tara N and others},
  journal={IEEE Signal Processing Magazine},
  volume={29},
  number={6},
  pages={82--97},
  year={2012},
  publisher={IEEE}
}

@article{yu2017recent,
  title={Recent progresses in deep learning based acoustic models},
  author={Yu, Dong and Li, Jinyu},
  journal={IEEE/CAA Journal of Automatica Sinica},
  volume={4},
  number={3},
  pages={396--409},
  year={2017},
  publisher={IEEE}
}

@article{silfverberg2018sound,
  title={Sound Analogies with Phoneme Embeddings},
  author={Silfverberg, Miikka P and Mao, Lingshuang and Hulden, Mans},
  journal={Proceedings of the Society for Computation in Linguistics (SCiL) 2018},
  pages={136--144},
  year={2018}
}

@inproceedings{ghannay2016evaluation,
  title={Evaluation of acoustic word embeddings},
  author={Ghannay, Sahar and Esteve, Yannick and Camelin, Nathalie and Del{\'e}glise, Paul},
  booktitle={Proceedings of the 1st Workshop on Evaluating Vector-Space Representations for NLP},
  pages={62--66},
  year={2016}
}

@inproceedings{bengio2014word,
  title={Word embeddings for speech recognition},
  author={Bengio, Samy and Heigold, Georg},
  booktitle={Fifteenth Annual Conference of the International Speech Communication Association},
  year={2014}
}

