@misc{youtubeFAQ,
	title = {{Google support} Youtube Help},
	howpublished = {\url{https://support.google.com/youtube/answer/6373554?hl=en}},
	note = {Accessed: 2018-05-05}
}

@article{anusuya2010speech,
  title={Speech recognition by machine, a review},
  author={Anusuya, MA and Katti, Shriniwas K},
  journal={arXiv preprint arXiv:1001.2267},
  year={2010}
}

@article{maas2015building,
  title={Building DNN Acoustic Models for Large Vocabulary Speech Recognition//preprint},
  author={Maas, AL and others},
  journal={arXiv preprint arXiv:1406.7806},
  year={2015}
}

@article{silfverberg2018sound,
  title={Sound Analogies with Phoneme Embeddings},
  author={Silfverberg, Miikka P and Mao, Lingshuang and Hulden, Mans},
  journal={Proceedings of the Society for Computation in Linguistics (SCiL) 2018},
  pages={136--144},
  year={2018}
}

@article{goldberg2014word2vec,
  title={word2vec explained: Deriving mikolov et al.'s negative-sampling word-embedding method},
  author={Goldberg, Yoav and Levy, Omer},
  journal={arXiv preprint arXiv:1402.3722},
  year={2014}
}

@inproceedings{tang2014learning,
  title={Learning sentiment-specific word embedding for twitter sentiment classification},
  author={Tang, Duyu and Wei, Furu and Yang, Nan and Zhou, Ming and Liu, Ting and Qin, Bing},
  booktitle={Proceedings of the 52nd Annual Meeting of the Association for Computational Linguistics (Volume 1: Long Papers)},
  volume={1},
  pages={1555--1565},
  year={2014}
}

@inproceedings{wei2017personalized,
  title={Personalized acoustic modeling by weakly supervised multi-task deep learning using acoustic tokens discovered from unlabeled data},
  author={Wei, Cheng-Kuan and Chung, Cheng-Tao and Lee, Hung-Yi and Lee, Lin-Shan},
  booktitle={Acoustics, Speech and Signal Processing (ICASSP), 2017 IEEE International Conference on},
  pages={5165--5169},
  year={2017},
  organization={IEEE}
}

@article{synnaeve2014weakly,
  title={Weakly supervised multi-embeddings learning of acoustic models},
  author={Synnaeve, Gabriel and Dupoux, Emmanuel},
  journal={arXiv preprint arXiv:1412.6645},
  year={2014}
}

@inproceedings{serriere2016weakly,
  title={Weakly-supervised text-to-speech alignment confidence measure},
  author={Serriere, Guillaume and Cerisara, Christophe and Fohr, Dominique and Mella, Odile},
  booktitle={International Conference on Computational Linguistics (COLING)},
  year={2016}
}